<?xml version="1.0" encoding="UTF-8" ?>
<collection xmlns:xsi="http://www.w3.org/2001/XMLSchema-instance"
    xsi:schemaLocation="http://www.loc.gov/MARC21/slim
        http://www.loc.gov/standards/marcxml/schema/MARC21slim.xsd"
    xmlns="http://www.loc.gov/MARC21/slim">
<record>
  <leader>00252cam a2200481 i 4500</leader>
  <controlfield tag="001">b12523604</controlfield>
  <controlfield tag="003">LeBAU</controlfield>
  <controlfield tag="005">20180817</controlfield>
  <controlfield tag="008">970716s1932    ua            ||0 0 ara d</controlfield>
  <datafield tag="035" ind1=" " ind2=" ">
    <subfield code="a">ocn784381088</subfield>
  </datafield>
  <datafield tag="040" ind1=" " ind2=" ">
    <subfield code="a">LEAUB</subfield>
    <subfield code="b">ara</subfield>
    <subfield code="e">rda</subfield>
    <subfield code="c">LEAUB</subfield>
    <subfield code="d">LEAUB</subfield>
  </datafield>
  <datafield tag="041" ind1="1" ind2=" ">
    <subfield code="a">ara</subfield>
    <subfield code="k">fre</subfield>
    <subfield code="h">grc</subfield>
  </datafield>
  <datafield tag="082" ind1="0" ind2="4">
    <subfield code="a">888.5</subfield>
    <subfield code="2">20</subfield>
  </datafield>
  <datafield tag="100" ind1="0" ind2=" ">
    <subfield code="6">880-01</subfield>
    <subfield code="a">Aristotle,</subfield>
    <subfield code="e">author.</subfield>
  </datafield>
  <datafield tag="240" ind1="1" ind2="0">
    <subfield code="a">De generatione et corruptione.</subfield>
    <subfield code="l">Arabic</subfield>
  </datafield>
  <datafield tag="245" ind1="1" ind2="0">
    <subfield code="6">880-02</subfield>
    <subfield code="a">al-Kawn wa-al-Fasād ;</subfield>
    <subfield code="b">yatlūh kitāb "Fī Mīlīsūs wa-fī Iksīnūfān wa-fī Ghrīghiyās" /</subfield>
    <subfield code="c">li-Arisṭūṭālīs ; tarjamahā min al-Ighrīqīyah ilá al-Faransīyah wa-ṣaddarahā bi-muqaddimah fī tārīkh al-falsafah al-Ighrīqīyah wa-ʻallaqa ʻalayhimā taʻlīqāt mutatābiʻah Bārtilmī Sānt'hilīr, ustādh al-falsafah al-Ighrīqīyah fī "Kulīj Dī Frans" thumma wazīr al-khārijīyah al-Faransīyah ; wa-naqalahumā ilá al-ʻArabīyah Aḥmad Luṭfī al-Sayyid.</subfield>
  </datafield>
  <datafield tag="264" ind1=" " ind2="1">
    <subfield code="6">880-03</subfield>
    <subfield code="a">al-Qāhirah :</subfield>
    <subfield code="b">Lajnat al-Taʼlīf wa-al-Tarjamah wa-al-Nashr,</subfield>
    <subfield code="c">1350 H. = 1932 M.</subfield>
  </datafield>
  <datafield tag="300" ind1=" " ind2=" ">
    <subfield code="6">880-04</subfield>
    <subfield code="a">337 pages ;</subfield>
    <subfield code="c">29 cm</subfield>
  </datafield>
  <datafield tag="336" ind1=" " ind2=" ">
    <subfield code="a">text</subfield>
    <subfield code="b">txt</subfield>
    <subfield code="2">rdacontent</subfield>
  </datafield>
  <datafield tag="337" ind1=" " ind2=" ">
    <subfield code="a">unmediated</subfield>
    <subfield code="b">n</subfield>
    <subfield code="2">rdamedia</subfield>
  </datafield>
  <datafield tag="338" ind1=" " ind2=" ">
    <subfield code="a">volume</subfield>
    <subfield code="b">nc</subfield>
    <subfield code="2">rdacarrier</subfield>
  </datafield>
  <datafield tag="650" ind1=" " ind2="4">
    <subfield code="a">الكون</subfield>
    <subfield code="v">اعمال قديمة حتى 1800.</subfield>
  </datafield>
  <datafield tag="650" ind1=" " ind2="4">
    <subfield code="a">الفلسفة القديمة</subfield>
    <subfield code="v">اعمال قديمة حتى 1800.</subfield>
  </datafield>
  <datafield tag="650" ind1=" " ind2="0">
    <subfield code="a">Cosmography</subfield>
    <subfield code="v">Early works to 1800.</subfield>
  </datafield>
  <datafield tag="650" ind1=" " ind2="0">
    <subfield code="a">Philosophy, Ancient</subfield>
    <subfield code="v">Early works to 1800.</subfield>
  </datafield>
  <datafield tag="700" ind1="1" ind2=" ">
    <subfield code="6">880-05</subfield>
    <subfield code="a">Sayyid, Aḥmad Luṭfī,</subfield>
    <subfield code="d">1872-1963,</subfield>
    <subfield code="e">translator.</subfield>
  </datafield>
  <datafield tag="700" ind1="1" ind2=" ">
    <subfield code="6">880-06</subfield>
    <subfield code="a">Barthélemy Saint-Hilaire, J.</subfield>
    <subfield code="q">(Jules),</subfield>
    <subfield code="d">1805-1895,</subfield>
    <subfield code="e">compiler.</subfield>
  </datafield>
  <datafield tag="700" ind1="0" ind2="2">
    <subfield code="6">880-07</subfield>
    <subfield code="a">Aristotle.</subfield>
    <subfield code="t">Fī Mīlīsūs wa-fī Iksīnūfān wa-fī Ghrīghiyās.</subfield>
  </datafield>
  <datafield tag="775" ind1="0" ind2="8">
    <subfield code="6">880-08</subfield>
    <subfield code="i">has designation of edition</subfield>
    <subfield code="4">http://rdaregistry.info/Elements/m/P30133:</subfield>
    <subfield code="t">al-Kawn wa-al-Fasād ; yatlūh kitāb "Fī Mīlīsūs wa-fī Iksīnūfān wa-fī Ghrīghiyās".</subfield>
    <subfield code="d">[al-Qāhirah] : al-Dār al-Qawmīyah lil-Ṭibāʻah wa-al-Nashr, [between 1970 and 1990?]</subfield>
    <subfield code="w">b19027072</subfield>
  </datafield>
  <datafield tag="852" ind1=" " ind2=" ">
    <subfield code="a">Jafet Library</subfield>
    <subfield code="e">American University of Beirut, Bliss Street , Beirut, Lebanon.</subfield>
  </datafield>
  <datafield tag="880" ind1="0" ind2=" ">
    <subfield code="6">100-01/(3/r</subfield>
    <subfield code="a">ارسطوطاليس،</subfield>
    <subfield code="e">مؤلف. </subfield>
    <subfield code="4">aut.</subfield>
  </datafield>
  <datafield tag="880" ind1="1" ind2="3">
    <subfield code="6">245-02/(3/r</subfield>
    <subfield code="a">الكون والفساد ؛</subfield>
    <subfield code="b">يتلوه كتاب "في ميليسوس وفي إكسينوفان وفي غرغياس" /</subfield>
    <subfield code="c">لأرسطوطاليس ؛ ترجمها من الإغريقية إلى الفرنسية وصدرها بمقدمة في تاريخ الفلسفة الإغريقية وعلق عليهما تعليقات متتابعة بارتملي سانتهلير، أستاذ الفلسفة الإغريقية في "كليج دي فرنس" ثم وزير الخارجية الفرنسية ؛ ونقلهما إلى العربية أحمد لطفي السيد.</subfield>
  </datafield>
  <datafield tag="880" ind1=" " ind2="1">
    <subfield code="6">264-03/(3/r</subfield>
    <subfield code="a">القاهرة :</subfield>
    <subfield code="b">لجنة التأليف والترجمة والنشر،</subfield>
    <subfield code="c">1350 هـ. = 1932 م.</subfield>
  </datafield>
  <datafield tag="880" ind1=" " ind2=" ">
    <subfield code="6">300-04/(3/r</subfield>
    <subfield code="a">337 صفحة ؛</subfield>
    <subfield code="c">29 سم</subfield>
  </datafield>
  <datafield tag="880" ind1="1" ind2=" ">
    <subfield code="6">700-05/(3/r</subfield>
    <subfield code="a">السيد، احمد لطفي،</subfield>
    <subfield code="d">1872-1963،</subfield>
    <subfield code="e">مترجم. </subfield>
    <subfield code="4">trl.</subfield>
  </datafield>
  <datafield tag="880" ind1="1" ind2=" ">
    <subfield code="6">700-06/(3/r</subfield>
    <subfield code="a">بارتيلمي-سانت-هيلير، ج.</subfield>
    <subfield code="q">(جولز)،</subfield>
    <subfield code="d">1805-1895،</subfield>
    <subfield code="e">معد. </subfield>
    <subfield code="4">com.</subfield>
  </datafield>
  <datafield tag="880" ind1="0" ind2="2">
    <subfield code="6">700-07/(3/r</subfield>
    <subfield code="a">ارسطوطاليس.</subfield>
    <subfield code="t">في ميليسوس وفي إكسينوفان وفي غرغياس.</subfield>
  </datafield>
  <datafield tag="880" ind1="0" ind2="8">
    <subfield code="6">775-08/(3/r</subfield>
    <subfield code="i">دلالة على الطبعة</subfield>
    <subfield code="4">http://rdaregistry.info/Elements/m/P30133 :</subfield>
    <subfield code="t">الكون والفساد ؛ يتلوه كتاب "في ميليسوس وفي إكسينوفان وفي غرغياس".</subfield>
    <subfield code="d">[القاهرة] : الدار القومية للطباعة والنشر، [ما بين 1970 و 1990؟]</subfield>
    <subfield code="w">b19027072</subfield>
  </datafield>
  <datafield tag="907" ind1=" " ind2=" ">
    <subfield code="a">.b12523604</subfield>
    <subfield code="b">18-09-18</subfield>
    <subfield code="c">11-05-24</subfield>
  </datafield>
  <datafield tag="907" ind1=" " ind2=" ">
    <subfield code="a">.b12523604</subfield>
    <subfield code="b">15-10-15</subfield>
    <subfield code="c">11-05-24</subfield>
  </datafield>
  <datafield tag="945" ind1=" " ind2=" ">
    <subfield code="f">J</subfield>
    <subfield code="a">888.5:A71kA:c.1</subfield>
    <subfield code="i">01032038</subfield>
    <subfield code="j">.i13022982</subfield>
    <subfield code="l">u0503</subfield>
  </datafield>
  <datafield tag="945" ind1=" " ind2=" ">
    <subfield code="f">J</subfield>
    <subfield code="a">888.5:A71kA:c.2</subfield>
    <subfield code="i">01032039</subfield>
    <subfield code="j">.i13022994</subfield>
    <subfield code="l">u0503</subfield>
  </datafield>
  <datafield tag="998" ind1=" " ind2=" ">
    <subfield code="a">u05</subfield>
    <subfield code="b">97-07-16</subfield>
    <subfield code="c">m</subfield>
    <subfield code="d">a  </subfield>
    <subfield code="e">-</subfield>
    <subfield code="f">ara</subfield>
    <subfield code="g">ua </subfield>
    <subfield code="h">0</subfield>
    <subfield code="i">2</subfield>
  </datafield>
</record>
</collection>
